@INPROCEEDINGS{ ahmed:timeline,
    AUTHOR = "Amr Ahmed and Eric P. Xing",
    TITLE = "Timeline: A Dynamic Hierarchical Dirichlet Process Model for Recovering Birth/Death and Evolution of Topics in Text Stream",
    BOOKTITLE = {Proceedings of the 26th Conference on Uncertainty in Artificial Intelligence},
    PAGES = {20-29},
    YEAR = {2010},
}

@book{ ajzen:from,
    title={From intentions to actions: A theory of planned behavior},
    author={Ajzen, Icek},
    year={1985},
    publisher={Springer}
}

@article{ajzen:theory,
    title={The theory of planned behavior},
    author={Ajzen, Icek},
    journal={Organizational behavior and human decision processes},
    volume={50},
    number={2},
    pages={179-211},
    year={1991},
    publisher={Elsevier}
}

@ARTICLE{blei:latent,
    AUTHOR = "David M. Blei and Andrew Y. Ng and Michael I. Jordan",
    TITLE = "Latent Dirichlet Allocation",
    JOURNAL = "Journal of Machine Learning Research",
    PAGES = {993-1022},
    YEAR = {2003},
}

@INPROCEEDINGS{blei:dynamic,
    AUTHOR = "David M. Blei and John D. Lafferty",
    TITLE = "Dynamic topic models",
    BOOKTITLE = {Proceedings of the 23rd International Conference on Machine Learning},
    PAGES = {113-120},
    YEAR = {2006},
}

@TECHREPORT{cyol:index,
    author =       {China Youth Daily},
    title =        {Chinese Monthly Public Opinion Index},
    institution =  {China Youth Daily},
    year =         {2013},
    month =        {December},
    source =       {\url{http://zqb.cyol.com/html/2013-12/06/nw.D110000zgqnb_20131206_3-04.htm}},
}

@inproceedings{liu:tracking,
    author    = {Zekai Gao and Yangqiu Song and Shixia Liu and Haixun Wang and Hao Wei and Yang Chen and Weiwei Cui},
    title     = {Tracking and Connecting Topics via Incremental Hierarchical Dirichlet Processes},
    booktitle = {Proceedings of the 11th IEEE International Conference on Data Mining},
    year      = {2011},
    pages     = {1056-1061},
}

@article{toni:computing,
    author =	"Toni Giorgino",
    title =	"Computing and Visualizing Dynamic Time Warping Alignments in R: The dtw Package",
    journal =	"Journal of Statistical Software",
    volume =	"31",
    number =	"7",
    pages =	"1--24",
    month =	"8",
    year = 	"2009",
}

@INPROCEEDINGS{ gohr:topic,
    AUTHOR = "Andre Gohr and Alexander Hinneburg and Rene Schult and Myra Spiliopoulou",
    TITLE = "Topic Evolution in a Stream of Documents",
    BOOKTITLE = {the 9th SIAM International Conference on Data Mining},
    PAGES = {859-872},
    YEAR = {2009},
}

@ARTICLE{ahy:report,
    AUTHOR =       {Maximillian H\"{a}nska-Ahy},
    TITLE =        {Social media \& journalism: reporting the world through user generated content},
    JOURNAL =      {Journal of Audience and Reception Studies},
    YEAR =         {2013},
    volume =       {10},
    number =       {1},
    pages =        {436--439},
    month =        {May},
}

@TECHREPORT{jesse:news,
    author =       {Jesse Holcomb and Jeffrey Gottfried and Amy Mitchell},
    title =        {News Use Across Social Media Platforms},
    institution =  {Pew Research Center},
    year =         {2013},
    month =        {November},
    source =       {\url{http://www.journalism.org/2013/11/14/news-use-across-social-media-platforms/}},
}

@inproceedings{hong:a,
    author    = {Liangjie Hong and Byron Dom and Siva Gurumurthy and Kostas Tsioutsiouliklis},
    title     = {A time-dependent topic model for multiple text streams},
    booktitle = {Proceedings of the 17th ACM International Conference on Knowledge Discovery in Data Mining},
    year      = {2011},
    pages     = {832-840},
}

@inproceedings{hou:what,
    author = "Lei Hou and Juanzi Li and Xiaoli Li and Jiangfeng Qu and Xiaofei Guo and Ou Hui and Jie Tang",
    title = {What Users Care about: a Framework for Social Content Alignment},
    booktitle = {Proceedings of the 23rd International Joint Conference on Artificial Intelligence},
    pages = {1401-1407},
    year = {2013},
}

@ARTICLE{anna:empower,
    AUTHOR =       {Anna Maria J\"{o}nsson and Henrik \"{O}rnebring},
    TITLE =        {USER-GENERATED CONTENT AND THE NEWS: Empowerment of citizens or interactive illusion?},
    JOURNAL =      {Journalism Practice},
    YEAR =         {2011},
    volume =       {5},
    number =       {2},
    pages =        {127--144},
    month =        {September},
}

@book{mccombs:news,
    title={The news and public opinion: Media effects on civic life},
    author={McCombs, Maxwell and Holbert, Lance and Kiousis, Spiro and Wanta, Wayne},
    year={2011},
    publisher={Polity}
}

@inproceedings{mei:discover,
    author = {Qiaozhu Mei and ChengXiang Zhai},
    title = {Discovering Evolutionary Theme Patterns from Text: An Exploration of Temporal Text Mining},
    booktitle = {Proceedings of the 11th ACM International Conference on Knowledge Discovery in Data Mining},
    year = {2005},
    pages = {198-207},
}

@INPROCEEDINGS{ jure:no,
    AUTHOR = "Cristian Danescu Niculescu Mizil and Robert West and Dan Jurafsky and Jure Leskovec and Christopher Potts",
    TITLE = "No country for old members: user lifecycle and linguistic change in online communities",
    BOOKTITLE = {Proceedings of the 22nd International World Wide Web Conference},
    PAGES = {307-318},
    YEAR = {2013},
}

@INPROCEEDINGS{ morinaga:tracking,
    AUTHOR = "Satoshi Morinaga and Kenji Yamanishi",
    TITLE = "Tracking dynamics of topic trends using a finite mixture model",
    BOOKTITLE = {Proceedings of the 10th ACM International Conference on Knowledge Discovery and Data Mining},
    PAGES = {811-816},
    YEAR = {2004},
}

@INPROCEEDINGS{ rosen-zvi:the,
    AUTHOR = "Michal Rosen-Zvi and Thomas L. Griffiths and Mark Steyvers and Padhraic Smyth",
    TITLE = "The Author-Topic Model for Authors and Documents",
    BOOKTITLE = {Proceedings of the 20th Conference on Uncertainty in Artificial Intelligence},
    PAGES = {487-494},
    YEAR = {2004},
}

@article{sheeran:does,
    title={Does the temporal stability of behavioral intentions moderate intention-behavior and past behavior-future behavior relations?},
    author={Sheeran, Paschal and Orbell, Sheina and Trafimow, David},
    journal={Personality and Social Psychology Bulletin},
    volume={25},
    number={6},
    pages={724-734},
    year={1999},
    publisher={Sage Publications}
}

@article{sheeran:mediator,
    title={Mediator of moderators: Temporal stability of intention and the intention-behavior relation},
    author={Sheeran, Paschal and Abraham, Charles},
    journal={Personality and Social Psychology Bulletin},
    volume={29},
    number={2},
    pages={205-215},
    year={2003},
    publisher={Sage Publications}
}

@inproceedings{wang:mining,
    author    = {Xiang Wang and Kai Zhang and Xiaoming Jin and Dou Shen},
    title     = {Mining common topics from multiple asynchronous text streams},
    booktitle = {Proceedings of the 2nd ACM International Conference on Web Search and Data Mining},
    year      = {2009},
    pages     = {192-201},
}

@inproceedings{wang:bursty,
    author    = {Xuanhui Wang and ChengXiang Zhai and Xiao Hu and Richard Sproat},
    title     = {Mining correlated bursty topic patterns from coordinated text streams},
    booktitle = {Proceedings of the 13th ACM International Conference on Knowledge Discovery in Data Mining},
    year      = {2007},
    pages     = {784-793},
}

@inproceedings{zhao:comparing,
    AUTHOR = "Wayne Xin Zhao and Jing Jiang and Jianshu Weng and Jing He and Ee-Peng Lim and Hongfei Yan and Xiaoming Li",
    TITLE = "Comparing Twitter and Traditional Media Using Topic Models",
    BOOKTITLE = {Proceedings of the 33rd European Conference on Information Retrieval},
    PAGES = {338-349},
    YEAR = {2011},
}

@INPROCEEDINGS{ wang:topics,
    AUTHOR = "Xuerui Wang and Andrew McCallum",
    TITLE = "Topics over time: a non-Markov continuous-time model of topical trends",
    BOOKTITLE = {Proceedings of the 12th ACM International Conference on Knowledge Discovery and Data Mining},
    PAGES = {424-433},
    YEAR = {2006},
}

@INPROCEEDINGS{ alsumait:online,
    AUTHOR = "Loulwah AlSumait and Daniel Barbar\'{a} and Carlotta Domeniconi",
    TITLE = "On-line LDA: Adaptive Topic Models for Mining Text Streams with Applications to Topic Detection and Tracking",
    BOOKTITLE = {Proceedings of the 8th IEEE International Conference on Data Mining},
    PAGES = {3-12},
    YEAR = {2008},
}

@inproceedings{hu:generating,
    author    = {Po Hu and Minlie Huang and Peng Xu and Weichang Li and Adam K. Usadi and Xiaoyan Zhu},
    title     = {Generating Breakpoint-based Timeline Overview for News Topic Retrospection},
    booktitle = {Proceedings of the 11th IEEE International Conference on Data Mining},
    year      = {2011},
    pages     = {260-269},
}

@INPROCEEDINGS{lin:the,
    AUTHOR = "Cindy Xide Lin and Qiaozhu Mei and Jiawei Han and Yunliang Jiang and Marina Danilevsky",
    TITLE = "The Joint Inference of Topic Diffusion and Evolution in Social Communities",
    BOOKTITLE = {Proceedings of the 11th IEEE International Conference on Data Mining},
    PAGES = {378-387},
    YEAR = {2011},
}

@INPROCEEDINGS{ jo:the,
    AUTHOR = "Yookyung Jo and John E. Hopcroft and Carl Lagoze",
    TITLE = "The web of topics: discovering the topology of topic evolution in a corpus",
    BOOKTITLE = {Proceedings of the 20th International World Wide Web Conference},
    PAGES = {257-266},
    YEAR = {2011},
}

@INPROCEEDINGS{petrovic:can,
    AUTHOR =       {Sasa Petrovic and Miles Osborne and Richard McCreadie and Craig Macdonald and Iadh Ounis and Luke Shrimpton.},
    TITLE =        {Can Twitter replace Newswire for breaking news?},
    BOOKTITLE =    {Proceedings of the 7th international AAAI Conference on Weblogs and Social Media (Poster)},
    YEAR =         {2013},
}

@inproceedings{arnold:temporal,
    author = {Arnold, Andrew and Liu, Yan and Abe, Naoki},
    title = {Temporal Causal Modeling with Graphical Granger Methods},
    booktitle = {Proceedings of the 13th ACM SIGKDD International Conference on Knowledge Discovery and Data Mining},
    year = {2007},
    pages = {66--75},
}

@inproceedings{cheng:fblg,
    author = {Cheng, Dehua and Bahadori, Mohammad Taha and Liu, Yan},
    title = {FBLG: A Simple and Effective Approach for Temporal Dependence Discovery from Time Series Data},
    booktitle = {Proceedings of the 20th ACM SIGKDD International Conference on Knowledge Discovery and Data Mining},
    year = {2014},
    pages = {382--391},
}
